<?xml version="1.0" encoding="UTF-8"?><collection xmlns="http://www.loc.gov/MARC21/slim"><record><leader>00351nam--2200121-i-4500</leader><controlfield tag="001">000001929</controlfield><controlfield tag="002">20161230</controlfield><controlfield tag="005">20161230201024</controlfield><controlfield tag="008">060222s1000------------r-----000-0-eng-d</controlfield><datafield ind1=" " ind2=" " tag="100"><subfield code="a">Goldman, I.I./S.A.</subfield></datafield><datafield ind1=" " ind2=" " tag="245"><subfield code="a">Problems in quantum mechanics.translated, edited and arranged by d.ter haar</subfield></datafield><datafield ind1=" " ind2=" " tag="260"><subfield code="a">London, Infosearch Ltd., 1960. 394 P</subfield></datafield><datafield ind1=" " ind2=" " tag="852"><subfield code="a">16383</subfield></datafield></record></collection>